@book{koza92,
		author    = "Koza, John R.",
		title     = "Genetic Programming: On the Programming of Computers by Means of Natural Selection",
		publisher = "MIT Press",
		year      = "1992"
}

@misc{ wiki:latex,
       author = "Wikipedia",
       title = "LaTeX --- Wikipedia{,} La enciclopedia libre",
       year = "2015",
       url = "https://es.wikipedia.org/w/index.php?title=LaTeX&oldid=84209252",
       note = "[Internet; descargado 30-septiembre-2015]"
}

@misc{zube,
       author = "Zube",
       title = "{Zube}",
       year = "2025",
       howpublished = {\url{https://zube.io/}},
       note = "[En línea; Consultado 22-agosto-2025]"
}

@misc{render,
       author = "Render",
       title = "{Render}",
       year = "2025",
       howpublished = {\url{https://render.com/}},
       note = "[En línea; Consultado 24-agosto-2025]"
}

@misc{aiven,
       author = "Aiven",
       title = "{Aiven}",
       year = "2025",
       howpublished = {\url{https://aiven.io/}},
       note = "[En línea; Consultado 24-agosto-2025]"
}

@misc{talent,
       author = "Talent",
       title = "{Talent}",
       year = "2025",
       howpublished = {\url{https://es.talent.com/salary}},
       note = "[En línea; Consultado 24-agosto-2025]"
}

@misc{gnu,
       author = "Free Software Foundation",
       title = "{El sistema operativo GNU}",
       year = "2025",
       howpublished = {\url{https://www.gnu.org/licenses/licenses.html}},
       note = "[En línea; Consultado 25-agosto-2025]"
}

@misc{patron-mvc,
       author = "GURU99",
       title = "{Tutorial de MVC Framework}",
       year = "2024",
       howpublished = {\url{https://www.guru99.com/es/mvc-tutorial.html}},
       note = "[En línea; Consultado 30-agosto-2025]"
}

@misc{patron-repository,
       author = "Arquitectura Java",
       title = "{El patron Repository y la explosión de métodos}",
       year = "2021",
       howpublished = {\url{https://www.arquitecturajava.com/el-patron-repository-y-la-explosion-de-metodos/}},
       note = "[En línea; Consultado 30-agosto-2025]"
}

@misc{patron-service,
       author = "Arquitectura Java",
       title = "{Spring @Service , usando el patrón Servicio}",
       year = "2022",
       howpublished = {\url{https://www.arquitecturajava.com/spring-service-usando-el-patron-servicio/}},
       note = "[En línea; Consultado 30-agosto-2025]"
}

@misc{patron-dto,
       author = "Baeldung",
       title = "{The DTO Pattern (Data Transfer Object)}",
       year = "2025",
       howpublished = {\url{https://www.baeldung.com/java-dto-pattern}},
       note = "[En línea; Consultado 30-agosto-2025]"
}

@misc{patron-strategy,
       author = "Refactoring.Guru",
       title = "{Strategy}",
       year = "2024",
       howpublished = {\url{https://refactoring.guru/es/design-patterns/strategy}},
       note = "[En línea; Consultado 30-agosto-2025]"
}

@misc{patron-template,
       author = "Refactoring.Guru",
       title = "{Template Method}",
       year = "2024",
       howpublished = {\url{https://refactoring.guru/es/design-patterns/template-method}},
       note = "[En línea; Consultado 30-agosto-2025]"
}

@misc{principio-srp,
       author = "Victor Manuel Pinzon",
       title = "{SOLID: Principio de Responsabilidad Única}",
       year = "2021",
       howpublished = {\url{https://dev.to/victorpinzon198/solid-principio-de-responsabilidad-unica-5ffo/}},
       note = "[En línea; Consultado 30-agosto-2025]"
}

@misc{principio-dip,
       author = "Keep Coding",
       title = "{¿Cómo funciona el Principio de Inversión de Dependencias?}",
       year = "2024",
       howpublished = {\url{https://keepcoding.io/blog/principio-de-inversion-de-dependencias/}},
       note = "[En línea; Consultado 30-agosto-2025]"
}

@misc{principio-ocp,
       author = "Victor Manuel Pinzon",
       title = "{SOLID: Principio de de Abierto/Cerrado}",
       year = "2021",
       howpublished = {\url{https://dev.to/victorpinzon198/solid-principio-de-abierto-cerrado-2mjp/}},
       note = "[En línea; Consultado 30-agosto-2025]"
}

@misc{principio-dry,
       author = "Appasiona",
       title = "{¿Qué es el Principio DRY en programación?}",
       year = "2024",
       howpublished = {\url{https://www.appasiona.com/blog/principio-dry/}},
       note = "[En línea; Consultado 30-agosto-2025]"
}

@misc{github_action_ci,
       author = "Ahmad Mareie Pascual",
       title = "{maven.yml}",
       year = "2025",
       howpublished = {\url{https://github.com/AhmadMarPas/TFG-ReservApp/blob/main/.github/workflows/maven.yml/}},
       note = "[En línea; Consultado 31-agosto-2025]"
}

@misc{crue,
       author = "CRUE",
       title = "{Directrices para la introducción de la Sostenibilidad en el Curriculum}",
       year = "2025",
       howpublished = {\url{https://www.crue.org/wp-content/uploads/2020/02/Directrices_Sosteniblidad_Crue2012.pdf/}},
       note = "[En línea; Consultado 03-septiembre-2025]"
}
